

@book{diekert2005stacs,
  title={STACS 2005: 22nd Annual Symposium on Theoretical Aspects of Computer Science, Stuttgart, Germany, February 24-26, 2004, Proceedings},
  author={Diekert, Volker},
  volume={3404},
  year={2005},
  publisher={Springer Science \& Business Media}
}

@article{friedrich2018evolutionary,
  title={Evolutionary algorithms and submodular functions: Benefits of heavy-tailed mutations},
  author={Friedrich, Tobias and G{\"o}bel, Andreas and Quinzan, Francesco and Wagner, Markus},
  journal={arXiv preprint arXiv:1805.10902},
  year={2018}
}

@article{borgs2001phase,
  title={Phase transition and finite-size scaling for the integer partitioning problem},
  author={Borgs, Christian and Chayes, Jennifer and Pittel, Boris},
  journal={Random Structures \& Algorithms},
  volume={19},
  number={3-4},
  pages={247--288},
  year={2001},
  publisher={Wiley Online Library}
}

@article{devroye2006nonuniform,
  title={Nonuniform random variate generation},
  author={Devroye, Luc},
  journal={Handbooks in operations research and management science},
  volume={13},
  pages={83--121},
  year={2006},
  publisher={Elsevier}
}

@article{witt2013tight,
  title={Tight bounds on the optimization time of a randomized search heuristic on linear functions},
  author={Witt, Carsten},
  journal={Combinatorics, Probability and Computing},
  volume={22},
  number={2},
  pages={294--318},
  year={2013},
  publisher={Cambridge University Press}
}

@inproceedings{doerr2017fast,
  title     = {Fast genetic algorithms},
  author    = {Doerr, Benjamin and Le, Huu Phuoc and Makhmara, R{\'e}gis and Nguyen, Ta Duy},
  booktitle = {Proceedings of the genetic and evolutionary computation conference},
  pages     = {777--784},
  year      = {2017}
}

@article{witt2014fitness,
  title={Fitness levels with tail bounds for the analysis of randomized search heuristics},
  author={Witt, Carsten},
  journal={Information Processing Letters},
  volume={114},
  number={1-2},
  pages={38--41},
  year={2014},
  publisher={Elsevier}
}

@inproceedings{witt2005worst,
  title={Worst-case and average-case approximations by simple randomized search heuristics},
  author={Witt, Carsten},
  booktitle={Annual Symposium on Theoretical Aspects of Computer Science},
  pages={44--56},
  year={2005},
  organization={Springer}
}

@article{doerr2023tight,
  title={Tight Runtime Bounds for Static Unary Unbiased Evolutionary Algorithms on Linear Functions},
  author={Doerr, Carola and Janett, Duri Andrea and Lengler, Johannes},
  journal={arXiv preprint arXiv:2302.12338},
  year={2023}
}